\textit{

@ARTICLE{fujEnt,
    author = {S. Fujishige},
    title = {Polymatroidal dependence structure of a set of random variables},
    journal = {Information and Control},
    year = {1978},
    volume = {39},
    pages = {55--72}
}

@ARTICLE{fedQue,
    author = {A. Federgruen and H. Groenevelt},
    title = {Characterization and Optimization of Achievable Performance in General Queueing Systems},
    journal = {Operations Research},
    year = {1988},
    volume = {36},
    pages = {733--741}
}

@ARTICLE{angPhy,
    author = {J.-Ch. Angl\`es d'Auriac and F. Igl\'oi and M. Preissmann and A. Seb\H{o}},
    title = {Optimal cooperation and submodularity for computing Pottsâ€™ partition functions with a large number of states},
  journal={Journal of Physics A: Mathematical and General},
  volume={35},
  number={33},
  pages={6973},
  year={2002},
  publisher={IOP Publishing}
}

@InProceedings{narClus,
    author = {M. Narasimhan and N. Jojic and J. A. Bilmes},
    title = {Q-clustering},
    booktitle={Advances in Neural Information Processing Systems},
    pages={979--986},
    year={2005}
}

@incollection{lovConv,
  title={Submodular functions and convexity},
  author={L. Lov{\'a}sz},
  booktitle={Mathematical Programming The State of the Art},
  pages={235--257},
  year={1983},
  publisher={Springer}
}

@article{groWeak,
  title={The ellipsoid method and its consequences in combinatorial optimization},
  author={M. Gr{\"o}tschel and R. Lov{\'a}sz and A. Schrijver},
  journal={Combinatorica},
  volume={1},
  number={2},
  pages={169--197},
  year={1981},
  publisher={Springer}
}

@BOOK{groStr,
  title={Geometric Algorithms and Combinatorial Optimization},
  author={M. Gr{\"o}tschel and R. Lov{\'a}sz and A. Schrijver},
  publisher={Springer-Verlag},
  year={1988}
}


@article{cunPsue,
  title={On submodular function minimization},
  author={W. H. Cunningham},
  journal={Combinatorica},
  volume={5},
  number={3},
  pages={185--192},
  year={1985},
  publisher={Springer}
}

@article{cunTest,
  title={Testing membership in matroid polyhedra},
  author={W. H. Cunningham},
  journal={Journal of Combinatorial Theory, Series B},
  volume={36},
  number={2},
  pages={161--188},
  year={1984},
  publisher={Elsevier}
}

@article{iwaStr,
  title={A combinatorial strongly polynomial algorithm for minimizing submodular functions},
  author={S. Iwata and L. Fleischer and S. Fujishige},
  journal={Journal of the ACM},
  volume={48},
  number={4},
  pages={761--777},
  year={2001},
  publisher={ACM}
}

@article{schStr,
  title={A combinatorial algorithm minimizing submodular functions in strongly polynomial time},
  author={A. Schrijver},
  journal={Journal of Combinatorial Theory, Series B},
  volume={80},
  number={2},
  pages={346--355},
  year={2000},
  publisher={Elsevier}
}

@inproceedings{fleImp,
  title={Improved algorithms for submodular function minimization and submodular flow},
  author={L. Fleischer and S. Iwata},
  booktitle={Proceedings of the 32nd ACM Symposium on Theory of Computing},
  pages={107--116},
  year={2000},
  organization={ACM}
}

@article{flePush,
  title={A push-relabel framework for submodular function minimization and applications to parametric optimization},
  author={L. Fleischer and S. Iwata},
  journal={Discrete Applied Mathematics},
  volume={131},
  number={2},
  pages={311--322},
  year={2003},
  publisher={Elsevier}
}

@article{fleischer2002faster,
  title={A faster capacity scaling algorithm for minimum cost submodular flow},
  author={L. Fleischer and S. Iwata and S. T. McCormick},
  journal={Mathematical Programming},
  volume={92},
  number={1},
  pages={119--139},
  year={2002},
  publisher={Springer}
}

@article{iwata1996capacity,
  title={A capacity scaling algorithm for convex cost submodular flows},
  author={S. Iwata},
  booktitle={Mathematical Programming},
  volume={76},
  pages={299--308},
  year={1997},
}

@incollection{iwata1999strongly,
  title={A strongly polynomial cut canceling algorithm for the submodular flow problem},
  author={S. Iwata and S. T. McCormick and M. Shigeno},
  booktitle={Integer Programming and Combinatorial Optimization},
  pages={259--272},
  year={1999},
  publisher={Springer}
}

@article{iwaFast,
  title={A faster scaling algorithm for minimizing submodular functions},
  author={S. Iwata},
  journal={SIAM Journal on Computing},
  volume={32},
  number={4},
  pages={833--840},
  year={2003},
  publisher={SIAM}
}

@article{orlFast,
  title={A faster strongly polynomial time algorithm for submodular function minimization},
  author={J. B. Orlin},
  journal={Mathematical Programming},
  volume={118},
  number={2},
  pages={237--251},
  year={2009},
  publisher={Springer}
}

@inproceedings{iwaSmpl,
  title={A simple combinatorial algorithm for submodular function minimization},
  author={S. Iwata and J. B. Orlin},
  booktitle={Proceedings of the 20th ACM-SIAM Symposium on Discrete Algorithms},
  pages={1230--1237},
  year={2009},
  organization={Society for Industrial and Applied Mathematics}
}

@article{fujWolfe,
  title={Submodular systems and related topics},
  author={S. Fujishige},
  journal={Mathematical Programming Study},
    volume={22},
  pages={113--131},
  year={1984},
}

@article{wolMin,
  title={Finding the nearest point in a polytope},
  author={P. Wolfe},
  journal={Mathematical Programming},
  volume={11},
  number={1},
  pages={128--149},
  year={1976},
  publisher={Springer}
}

@INPROCEEDINGS{chaWolfe,
  title= "Provable Submodular Minimization using {Wolfe's} Algorithm",
  author={D. Chakrabarty and P. Jainand and P. Kothari},
  booktitle={Advances in Neural Information Processing Systems},
  pages={802--809},
  year={2014}
}

@article{fujExp,
  title={A submodular function minimization algorithm based on the minimum-norm base},
  author={S. Fujishige and S. Isotani},
  journal={Pacific Journal of Optimization},
  volume={7},
  number={1},
  pages={3--17},
  year={2011}
}

@article{nasCon,
  title={Connected detachments of graphs and generalized Euler trails},
  author={C. St J.A. Nash-Williams},
  journal={Journal of the London Mathematical Society},
  volume={2},
  number={1},
  pages={17--29},
  year={1985},
  publisher={Oxford University Press}
}

@article{nasOri,
  title={Strongly connected mixed graphs and connected detachments of graphs},
  author={C. St J.A. Nash-Williams},
  journal={Journal of Combinatorial Mathematics and Combinatorial Computing},
  volume={19},
  pages={33--47},
  year={1995},
  publisher={Charles Babbage Research Centre}
}

@book{fujSub,
  title={Submodular Functions and Optimization},
  author={S. Fujishige},
  volume={58},
  year={2005},
  publisher={Elsevier}
}

@article{edmMin,
  title={Submodular functions, matroids, and certain polyhedra},
  author={J. Edmonds},
  journal={Combinatorial Structures and Their Applications},
  pages={69--87},
  year={1970},
  publisher={Gordon and Breach}
}

@article{shaGre,
  title={Cores of convex games},
  author={L. S. Shapley},
  journal={International Journal of Game Theory},
  volume={1},
  number={1},
  pages={11--26},
  year={1971},
  publisher={Springer}
}

@inproceedings{jegFast,
  title={On fast approximate submodular minimization},
  author={S. Jegelka and H. Lin and J. A. Bilmes},
  booktitle={Advances in Neural Information Processing Systems},
  pages={460--468},
  year={2011}
}

@article{edmFlow,
  title={Theoretical improvements in algorithmic efficiency for network flow problems},
  author={J. Edmonds and R. M. Karp},
  journal={Journal of the ACM},
  volume={19},
  number={2},
  pages={248--264},
  year={1972},
  publisher={ACM}
}












\fontsize{9pt}{10.8pt}\selectfont

@INPROCEEDINGS{pegasos,
  author = "S. Shalev-Shwartz and Y. Singer and N. Srebro", 
  title = "Pegasos: Primal Estimated sub-GrAdient SOlver for {SVM}",
  booktitle = "Proceedings of the 24th International Conference on Machine Learning", 
  page = "807--814", 
  year = "2007"
}

@INPROCEEDINGS{svmperf,
  author = "T. Joachims", 
  title = "Training Linear {SVMs} in Linear Time",
  booktitle = "Proceedings of the ACM Conference on Knowledge Discovery and Data Mining (KDD)", 
  year = "2006"
}

@Article{mach:Cortes+Vapnik:1995,
  author       = {C. Cortes and V. Vapnik},
  title	       = {Support-Vector Networks},
  journal      = {Machine Learning},
  volume       = 20,
  year	       = 1995,
  pages	       = {273--297},
}


@Article{alvaro,
  author = 	 "J. L{\'o}pez and {\'A}. Barbero and J. R. Dorronsoro",
  title = 	 "Clipping algorithms for solving the nearest point problem over reduced convex hulls",
  journal =	 "Pattern Recognition",
  year =	 "2011",
  volume =	 "44",
  issue = "3",
  pages =	 "607--614"
}


@Article{mavroforais,
  author = 	 "M. E. Mavroforakis and S. Theodoridis",
  title = 	 "A geometric approach to support vector machine {{(SVM)}} classification",
  journal =	 "IEEE Transactions on Neural Networks",
  year =	 "2006",
  volume =	 "17",
  issue =	 "3",
  pages =	 "671--682"
}

@TechReport{libsvm,
   author = "C. C. Chang and C. J. Lin",
title = "{LIBSVM}: A library for support vector machines",
 journal = "ACM Transactions on Intelligent Systems and Technology",
 volume = "2",
 issue = "3",
 year = "2011",
 pages = "27:1--27:27"
}

@Article{liblinear,
  author = 	 "R. E. Fan and K. W. Chang and C. J. Hsieh and X. R. Wang and C. J. Lin",
  title = 	 "{LIBLINEAR}: A Library for Large Linear Classification",
  journal = 	 "Journal of Machine Learning Research",
  year = 	 "2008",
  volume =	 "9",
  pages =	 "1871--1874"
}

@Article{gilbert,
  author = 	 "E. Gilbert",
  title = 	 "Minimizing the quadratic form on a convex set",
  journal =	 "SIAM Journal on Control",
  year =	 "1966",
  volume =	 "4",
  pages =	 "61--79"
}

@Article{franc,
  author = 	 "V. Franc and V. Hlav{\'a\u{c}}",
  title = 	 "An iterative algorithm learning the maximal margin classifier",
  journal =	 "Pattern Recognition",
  year =	 "2003",
  volume =	 "36",
  issue  = "9",
  pages =	 "1985--1996"
}

@Article{mdm,
  author = 	 "B. F. Mitchell and V. F. Dem'yanov and V. N. Malozemov",
  title = 	 "Finding the point of a polyhedron closest to the origin",
  journal =	 "SIAM Journal on Control",
  year =	 "1974",
  volume =	 "12",
  number = "1",
  pages =	 "19--26"
}

@Article{keerthi,
  author = 	 "S. S. Keerthi and S. K. Shevade and C. Bhattacharya and K. R. K. Murthy",
  title = 	 "A fast iterative nearest point algorithm for support vector machine classifier design",
  journal =	 "IEEE Transactions on Neural Networks",
  year =	 "2000",
  volume =	 "11",
  issue =   "1",
  pages =	 "124--136"
}

@Article{tao04,
  author = 	 "Q. Tao and G. W. Wu and J. Wang",
  title = 	 "A generalized {{S}}-{{K}} algorithm for learning $\nu$-{{SVM}} classifiers",
  journal =	 "Pattern Recognition Letters",
  year =	 "2004",
  volume =	 "25",
  number =   "10",
  pages =	 "1165--1171"
}

@Article{tao08,
  author = 	 "Q. Tao and G. W. Wu and J. Wang",
  title = 	 "A general soft method for learning {{SVM}} classifiers with {{L1}}-norm penalty",
  journal =	 "Pattern Recognition",
  year =	 "2008",
  volume =	 "41",
  issue = "3",
  pages =	 "939--948"
}


@INPROCEEDINGS{bennett,
  author = "K. P. Bennett and E. J. Bredensteiner",
  title = "Duality and geometry in {{SVM}} Classifiers", 
  booktitle = "Proceedings of the 17th International Conference on Machine Learning",
  year = "2000",
  pages = "57--64",
  organization = "Morgan Kaufmann"
}

@Article{scholkopf,
  author = 	 "B. Sch{\"o}lkopf and A. J. Smola and R. C. Williamson and P. L. Bartlett",
  title = 	 "New support vector algorithms",
  journal =  "Neural Computation",
  year = 	 "2000",
  volume = "12",
  numbere = "5",
  pages = "1207--1245"
}

@Article{chang01,
  author = "C. C. Chang and C. J. Lin",
  title =   "Training $\nu$-support vector classifiers: Theory and Algorithms", 
  journal =  "Neural Computation",
  year = 	 "2001",
  volume = "13",
  number = "9",
  page = "2119--2147"
}

@Article{finding,
  author = "M. Blum and R. W. Floyd and V. Pratt and R. L. Rivest and R. E. Tarjan",
  title =   "Time bounds for selection", 
  journal =  "Journal of Computer and System Sciences",
  year = 	 "1973",
  volume =	 "7",
  issue =	 "4",
  pages =	 "448--461"
}

@INPROCEEDINGS{sideris,
  author =       "A. Sideris and S. E. Castella",
  title =        "A proximity algorithm for support vector machine classification", 
  booktitle = "Proceedings of the 44th IEEE Conference on Decision and Control",
   year = "2005"
}

@Article{lowRank,
  author = "N. Halko and P.G. Martinsson and J. A. Tropp",
  title =   "Finding structure with randomness: Probabilistic algorithms for constructing approximate matrix decompositions", 
  journal =  "SIAM Review",
  year = 	 "2011",
  volume = "53",
  number = "2",
  page = "217--288"
}

@INPROCEEDINGS{crisp,
  author = "D. J. Crisp and C. J. C. Burges",
  title = "A geometric interpretation of $\nu$-{{SVM}} classifiers",
  booktitle = "Advances in Neural Information Processing Systems",
  vol = "12",
  year = "2000",
  organization = "MIT Press, Cambridge, MA"
}

@Article{rna,
  author = 	 "A. V. Uzilov and J. M. Keegan and D. H Mathews",
  title = 	 "Detection of non-coding {{RNAs}} on the basis of predicted secondary structure formation free energy change",
  journal =	 "BMC Bioinformatics",
  year =	 "2006",
  volume =	 "7",
  number =   "173"
}

@misc{uci,
author = "K. Bache and M. Lichman",
year = "2013",
title = "{UCI} Machine Learning Repository",
institution = "University of California, Irvine, School of Information and Computer Sciences" 
}

@TechReport{guide,
  author = 	 "C. W. Hsu and C. C. Chang and C. J. Lin",
  title = 	 "A practical guide to support vector classification",
  institution =  "Department of Computer Science",
  year = 	 "2003",
  address =	 "National Taiwan University",
}

@Book{dantzig,
  editor = 	 "G. B. Dantzig",
  title = 	 "Linear Programming and Extensions",
  publisher = "Princeton University Press, Princeton, New Jersey",
  year = 	 "1963",
}




@Book{Motwani,
  editor = 	 "R. Motwani and P. Raghavan",
  title = 	 "Randomized Algorithms",
  publisher = "Cambridge University Press",
  year = 	 "1995",
}


@Book{book:Schoelkopf+Smola:2002,
  author =	 {B. Sch{\"o}lkopf and A. J. Smola},
  title =	 {Learning with Kernels},
  publisher =	 {{MIT} Press},
  address =	 {Cambridge, MA},
  year =	 {2002},
}


@article{uf,
  title={Efficiency of a good but not linear set union algorithm},
  author={R. E. Tarjan},
  journal={Journal of the ACM},
  volume={22},
  number={2},
  pages={215--225},
  year={1975},
  publisher={ACM}
}


@inproceedings{kitamura2014exact,
  title={Exact {{SVM}} training by {{Wolfe's}} minimum norm point algorithm},
  author={M. Kitamura and A. Takeda and S. Iwata},
  booktitle={Machine Learning for Signal Processing},
  pages={1--6},
  year={2014},
  organization={IEEE}
}

@article{iwata2008submodular,
  title={Submodular function minimization},
  author={S. Iwata},
  journal={Mathematical Programming},
  volume={112},
  number={1},
  pages={45--64},
  year={2008},
  publisher={Springer}
}

@article{mccormick2005submodular,
  title={Submodular function minimization},
  author={S. T. McCormick},
  journal={Handbooks in Operations Research and Management Science},
  volume={12},
  pages={321--391},
  year={2005},
  publisher={Elsevier}
}



@article{shen2003joint,
  title={A joint location-inventory model},
  author={Z-J. M. Shen and  C. Coullard and M. S. Daskin},
  journal={Transportation Science},
  volume={37},
  number={1},
  pages={40--55},
  year={2003},
  publisher={INFORMS}
}


@article{begen2011appointment,
  title={Appointment scheduling with discrete random durations},
  author={M. A. Begen and M. Queyranne},
  journal={Mathematics of Operations Research},
  volume={36},
  number={2},
  pages={240--257},
  year={2011},
  publisher={INFORMS}
}


