
\fontsize{9pt}{10.8pt}\selectfont

@INPROCEEDINGS{pegasos,
  author = "S. Shalev-Shwartz and Y. Singer and N. Srebro", 
  title = "Pegasos: Primal Estimated sub-GrAdient SOlver for SVM",
  booktitle = "Proceedings of the 24th International Conference on Machine Learning", 
  page = "807--814", 
  year = "2007"
}

@INPROCEEDINGS{svmperf,
  author = "T. Joachims", 
  title = "Training Linear SVMs in Linear Time",
  booktitle = "Proceedings of the ACM Conference on Knowledge Discovery and Data Mining (KDD)", 
  year = "2006"
}

@Article{mach:Cortes+Vapnik:1995,
  author       = {C. Cortes and V. Vapnik},
  title	       = {Support-Vector Networks},
  journal      = {Machine Learning},
  volume       = 20,
  year	       = 1995,
  pages	       = {273--297},
}

@Article{wolfe,
  author = 	 "P. Wolfe",
  title = 	 "Finding the nearest point in a polytope",
  journal =	 "Mathematical Programming",
  year =	 "1976",
  volume =	 "11",
  issue = "1",
  pages =	 "128--149"
}


@Article{alvaro,
  author = 	 "J. L{\'o}pez and {\'A}. Barbero and J. R. Dorronsoro",
  title = 	 "Clipping algorithms for solving the nearest point problem over reduced convex hulls",
  journal =	 "Pattern Recognition",
  year =	 "2011",
  volume =	 "44",
  issue = "3",
  pages =	 "607--614"
}


@Article{mavroforais,
  author = 	 "M. E. Mavroforakis and S. Theodoridis",
  title = 	 "A geometric approach to support vector machine {{(SVM)}} classification",
  journal =	 "IEEE Transactions on Neural Networks",
  year =	 "2006",
  volume =	 "17",
  issue =	 "3",
  pages =	 "671--682"
}

@TechReport{libsvm,
   author = "C. C. Chang and C. J. Lin",
title = "{LIBSVM}: A library for support vector machines",
 journal = "ACM Transactions on Intelligent Systems and Technology",
 volume = "2",
 issue = "3",
 year = "2011",
 pages = "27:1--27:27",
 note =	 "Software available at \url{http://www.csie.ntu.edu.tw/~cjlin/libsvm}"
}

@Article{liblinear,
  author = 	 "R. E. Fan and K. W. Chang and C. J. Hsieh and X. R. Wang and C. J. Lin",
  title = 	 "{LIBLINEAR}: A Library for Large Linear Classification",
  journal = 	 "Journal of Machine Learning Research",
  year = 	 "2008",
  volume =	 "9",
  pages =	 "1871--1874"
}

@Article{gilbert,
  author = 	 "E. Gilbert",
  title = 	 "Minimizing the quadratic form on a convex set",
  journal =	 "SIAM Journal on Control",
  year =	 "1966",
  volume =	 "4",
  pages =	 "61--79"
}

@Article{franc,
  author = 	 "V. Franc and V. Hlav{\'a\u{c}}",
  title = 	 "An iterative algorithm learning the maximal margin classifier",
  journal =	 "Pattern Recognition",
  year =	 "2003",
  volume =	 "36",
  issue  = "9"
  pages =	 "1985--1996"
}

@Article{mdm,
  author = 	 "B. F. Mitchell and V. F. Dem'yanov and V. N. Malozemov",
  title = 	 "Finding the point of a polyhedron closest to the origin",
  journal =	 "SIAM Journal on Control",
  year =	 "1974",
  volume =	 "12",
  number = "1",
  pages =	 "19--26"
}

@Article{keerthi,
  author = 	 "S. S. Keerthi and S. K. Shevade and C. Bhattacharya and K. R. K. Murthy",
  title = 	 "A fast iterative nearest point algorithm for support vector machine classifier design",
  journal =	 "IEEE Transactions on Neural Networks",
  year =	 "2000",
  volume =	 "11",
  issue =   "1",
  pages =	 "124--136"
}

@Article{tao04,
  author = 	 "Q. Tao and G.W. Wu and J. Wang",
  title = 	 "A generalized {{S}}-{{K}} algorithm for learning $\nu$-{{SVM}} classifiers",
  journal =	 "Pattern Recognition Letters",
  year =	 "2004",
  volume =	 "25",
  number =   "10",
  pages =	 "1165--1171"
}

@Article{tao08,
  author = 	 "Q. Tao and G. W. Wu and J. Wang",
  title = 	 "A general soft method for learning {{SVM}} classifiers with {{L1}}-norm penalty",
  journal =	 "Pattern Recognition",
  year =	 "2008",
  volume =	 "41",
  issue = "3",
  pages =	 "939--948"
}


@INPROCEEDINGS{bennett,
  author = "K. P. Bennett and E. J. Bredensteiner",
  title = "Duality and geometry in {{SVM}} Classifiers", 
  booktitle = "Proceedings of the 17th International Conference on Machine Learning",
  year = "2000",
  pages = "57--64",
  organization = "Morgan Kaufmann"
}

@Article{scholkopf,
  author = 	 "B. Sch{\"o}lkopf and A. J. Smola and R. C. Williamson and P. L. Bartlett",
  title = 	 "New support vector algorithms",
  journal =  "Neural Computation",
  year = 	 "2000",
  volume = "12",
  numbere = "5",
  pages = "1207--1245"
}

@Article{chang01,
  author = "C. C. Chang and C. J. Lin",
  title =   "Training $\nu$-support vector classifiers: Theory and Algorithms", 
  journal =  "Neural Computation",
  year = 	 "2001",
  volume = "13",
  number = "9",
  page = "2119--2147"
}

@Article{finding,
  author = "M. Blum and R. W. Floyd and V. Pratt and R. L. Rivest and R. E. Tarjan",
  title =   "Time bounds for selection", 
  journal =  "Journal of Computer and System Sciences",
  year = 	 "1973",
  volume =	 "7",
  issue =	 "4",
  pages =	 "448--461"
}

@INPROCEEDINGS{sideris,
  author =       "A. Sideris and S. E. Castella",
  title =        "A proximity algorithm for support vector machine classification", 
  booktitle = "Proceedings of the 44th IEEE Conference on Decision and Control",
   year = "2005"
}

@Article{lowRank,
  author = "N. Halko and P.G. Martinsson and J. A. Tropp",
  title =   "Finding structure with randomness: Probabilistic algorithms for constructing approximate matrix decompositions", 
  journal =  "SIAM Review",
  year = 	 "2011",
  volume = "53",
  number = "2",
  page = "217--288"
}

@INPROCEEDINGS{crisp,
  author = "D. J. Crisp and C. J. C. Burges",
  title = "A geometric interpretation of $\nu$-{{SVM}} classifiers",
  booktitle = "Advances in Neural Information Processing Systems",
  vol = "12",
  year = "2000",
  organization = "MIT Press, Cambridge, MA"
}

@Article{rna,
  author = 	 "A. V. Uzilov and J. M. Keegan and D. H Mathews",
  title = 	 "Detection of non-coding {{RNAs}} on the basis of predicted secondary structure formation free energy change",
  journal =	 "BMC Bioinformatics",
  year =	 "2006",
  volume =	 "7",
  number =   "173"
}

@misc{uci,
author = "K. Bache and M. Lichman",
year = "2013",
title = "{UCI} Machine Learning Repository",
url = "http://archive.ics.uci.edu/ml",
institution = "University of California, Irvine, School of Information and Computer Sciences" 
}

@TechReport{guide,
  author = 	 "C. W. Hsu and C. C. Chang and C. J. Lin",
  title = 	 "A practical guide to support vector classification",
  institution =  "Department of Computer Science",
  year = 	 "2003",
  address =	 "National Taiwan University",
}

@Book{dantzig,
  editor = 	 "G. B. Dantzig",
  title = 	 "Linear Programming and Extensions",
  publisher = "Princeton University Press, Princeton, New Jersey",
  year = 	 "1963",
  pages =	 "48"f
}




@Book{Motwani,
  editor = 	 "R. Motwani and P. Raghavan",
  title = 	 "Randomized Algorithms",
  publisher = "Cambridge University Press",
  year = 	 "1995",
  pages =	 "48"
}


@Book{book:Schoelkopf+Smola:2002,
  author =	 {B. Sch{\"o}lkopf and A. J. Smola},
  title =	 {Learning with Kernels},
  publisher =	 {{MIT} Press},
  address =	 {Cambridge, MA},
  year =	 {2002},
}